<?xml version="1.0" encoding="UTF-8" ?>
<record Numero="13976170" format="InterXMarc_Complet" type="Authority">
<leader>00498c0 au22000272  45  <Pos Code="0004">00498</Pos>
<Pos Code="05" Sens="notice modifiée">c</Pos>
<Pos Code="06" Sens="notice validée par les services d&apos;autorité">0</Pos>
<Pos Code="08" Sens="notice d&apos;autorité">a</Pos>
<Pos Code="09" Sens="titre uniforme musical (TUM)">u</Pos>
<Pos Code="10">2</Pos>
<Pos Code="11">2</Pos>
<Pos Code="1216">00027</Pos>
<Pos Code="17" Sens="autres cas">2</Pos>
<Pos Code="20">4</Pos>
<Pos Code="21">5</Pos>
</leader>
<controlfield tag="001">FRBNF139761704<Pos Code="0001">FR</Pos>
<Pos Code="0204">BNF</Pos>
<Pos Code="0512">13976170</Pos>
<Pos Code="13">4</Pos>
</controlfield>
<controlfield tag="008">950517141201yyeng sg        1936                             1   <Pos Code="0001">95</Pos>
<Pos Code="0203">05</Pos>
<Pos Code="0405">17</Pos>
<Pos Code="0607">14</Pos>
<Pos Code="0809">12</Pos>
<Pos Code="1011">01</Pos>
<Pos Code="1213" Sens="ne s&apos;applique pas">yy</Pos>
<Pos Code="1416" Sens="anglais">eng</Pos>
<Pos Code="1820" Sens="chanson [chanson harmonisée => chanson]">sg </Pos>
<Pos Code="2831">1936</Pos>
<Pos Code="61" Sens="La vedette peut être liée à une notice bibliographique sauf pour l&apos;accès matière RAMEAU">1</Pos>
</controlfield>
<datafield tag="048" ind1=" " ind2=" ">
	<subfield code="b">vz01<Pos Code="0001" Sens="voix - non spécifié">vz</Pos>
<Pos Code="02">0</Pos>
<Pos Code="03">1</Pos>
</subfield>
	<subfield code="a">oa01<Pos Code="0001" Sens="orchestre - orchestre symphonique XIXe-XXe s.">oa</Pos>
<Pos Code="02">0</Pos>
<Pos Code="03">1</Pos>
</subfield>
</datafield>
<datafield tag="100" ind1=" " ind2=" ">
	<subfield code="3">13895945</subfield>
	<subfield code="w"> 0  b     </subfield>
	<subfield code="a">Kern</subfield>
	<subfield code="m">Jerome</subfield>
	<subfield code="d">1885-1945</subfield>
</datafield>
<datafield tag="144" ind1="1" ind2=" ">
	<subfield code="w">....b.eng.</subfield>
	<subfield code="a" Barre="4">The way you look tonight</subfield>
</datafield>
<datafield tag="502" ind1=" " ind2=" ">
	<subfield code="3">13956895</subfield>
	<subfield code="a">Kern</subfield>
	<subfield code="m">Jerome</subfield>
	<subfield code="d">1885-1945</subfield>
	<subfield code="t">[Swing time]</subfield>
</datafield>
<datafield tag="600" ind1=" " ind2=" ">
	<subfield code="a">Chanson extraite du film de George Stevens &quot;Swing time&quot; (1936)</subfield>
	<subfield code="a">Paroles de Dorothy Fields</subfield>
</datafield>
<datafield tag="610" ind1=" " ind2=" ">
	<subfield code="a">Grove music online</subfield>
	<subfield code="u">http://www.oxfordmusiconline.com</subfield>
	<subfield code="d">2014-12-01</subfield>
</datafield>
<datafield tag="611" ind1=" " ind2=" ">
	<subfield code="a">SDC 12 075456</subfield>
</datafield>
<datafield tag="917" ind1=" " ind2=" ">
	<subfield code="o">OPC</subfield>
	<subfield code="a">101076420</subfield>
</datafield>
<Alter Ori="13895945">
<datafield tag="031" ind1=" " ind2=" ">
	<subfield code="a">000000010861737X</subfield>
	<subfield code="2" Sens="ISNI chargé à partir de VIAF">VIAF</subfield>
	<subfield code="d">20130731<Pos Code="0003">2013</Pos>
<Pos Code="0407" Sens="31 juillet">0731</Pos>
</subfield>
</datafield>
</Alter>
<Attr Nom="IDPerenne">ark:/12148/cb13976170g</Attr>
<Attr Nom="NumSource">OPC 101076420</Attr>
<Attr Nom="Source" Sens="BnF catalogue général (depuis 1999)">A</Attr>
<Attr Nom="NumAutoriteLiee">1389594513956895</Attr>
<Attr Nom="DateCreation">17/05/ 1995</Attr>
<Attr Nom="ResponsableCreation">MIGV2</Attr>
<Attr Nom="StructCreation">1</Attr>
<Attr Nom="DateDerniereValidation">01/12/ 2014</Attr>
<Attr Nom="ResponsableDerniereValidation">PUYRENIER FREDERIC</Attr>
<Attr Nom="StructPremiereValidation">1</Attr>
<Attr Nom="DatePremiereValidation">17/05/ 1995</Attr>
<Attr Nom="ResponsablePremiereValidation">MIGV2</Attr>
<Attr Nom="StructDerniereValidation">82</Attr>
<Attr Nom="NumSource">OPP 13864061</Attr>
</record>
